@unpublished{clav,
    author = {Alexandra Lourenço and José Carlos Ramalho and Maria Rita Gago and Pedro Penteado},
	title = {{Plataforma CLAV: contributo para a disponibilização de dados abertos da Administração Pública em Portugal}},
	url = {http://hdl.handle.net/10760/38643},
    note = {Acedido a 2019-11-20},
    month = 7,
    year = 2019
}

@misc{authgov,
  author = {AMA},
  title = {{Autenticação.gov}},
  url = {https://autenticacao.gov.pt/fa/Default.aspx},
  year = 2019,
  note = {Acedido a 2019-11-20}
}

@book{elojs,
  author = {Marijn Haverbeke}, 
  title = {{Eloquent JavaScript, 3rd Edition: A Modern Introduction to Programming}},
  publisher = {No Starch Press},
  edition = {3rd},
  year = 2018,
  month = 12,
  isbn = {978-1-59327-950-9}
}

@book{restws,
  author = {Leonard Richardson and Sam Ruby}, 
  title = {{RESTful Web Services}},
  publisher = {O'Reilly},
  edition = {1st},
  year = 2007,
  month = 5,
  isbn = {978-0-596-52926-0}
}

@manual{agov,
  author = {AMA},
  title = {{Autenticação.gov - Fornecedor de autenticação da Administração Pública Portuguesa}},
  edition = {1.5.1},
  year = 2018,
  month = 12
}

@book{lsparql,
  author = {Bob DuCharme},
  title = {{Learning SPARQL}},
  publisher = {O'Reilly},
  edition = {1st},
  year = 2011,
  month = 7,
  isbn = {978-1-449-30659-5}
}

@book{bontology,
  author = {Robert Arp and Barry Smith and Andrew Spear},
  title = {{Building Ontologies with Basic Formal Ontology}},
  publisher = {MIT Press},
  edition = {1st},
  year = 2015,
  month = 7,
  isbn = {978-0-262-52781-1}
}

@misc{ontologyProt,
  author = {Natalya F. Noy and Deborah L. McGuinness},
  title = {{Ontology Development 101: A Guide to Creating Your First Ontology}},
  url = {https://protege.stanford.edu/publications/ontology_development/ontology101-noy-mcguinness.html},
  note = {Acedido a 2020-05-01}
}

@book{udocker,
  author = {Adrian Mouat},
  title = {{Using Docker}},
  publisher = {O'Reilly},
  edition = {1st},
  year = 2015,
  month = 12,
  isbn = {978-1-491-91576-9}
}

@book{wdmongo,
  author = {Mithun Satheesh and Mithun Satheesh and Jason Krol},
  title = {{Web Development with MongoDB and NodeJS}},
  publisher = {Packt Publishing},
  edition = {2nd},
  year = 2015,
  month = 10,
  isbn = {978-1-78528-752-7}
}

@book{nginxcook,
  author = {Derek DeJonghe},
  title = {{NGINX Cookbook}},
  publisher = {O'Reilly},
  edition = {1st},
  year = 2018,
  month = 11,
  isbn = {978-1-491-96893-2},
  note = {Second Release}
}

@misc{clavwebpage,
  author = {DGLAB},
  title = {{CLAV - Classificação e Avaliação da Informação Pública}},
  url = {http://clav.dglab.gov.pt},
  year = 2019,
  note = {Acedido a 2019-12-15}
}

@misc{passport,
  author = {Passport.js},
  title = {{Overview}},
  url = {http://www.passportjs.org/docs/},
  year = 2019,
  note = {Acedido a 2019-12-17}
}

@misc{jwtio,
  author = {Auth0},
  title = {{Introduction to JSON Web Tokens}},
  url = {https://jwt.io/introduction/},
  year = 2019,
  note = {Acedido a 2019-12-19}
}

@book{jwthandbook,
  author = {Sebastián E. Peyrott},
  title = {{The JWT Handbook}},
  edition = {0.14.1},
  year = 2018
}

@misc{jwtvuln,
  author = {Tim McLean},
  title = {{Critical vulnerabilities in JSON Web Token libraries}},
  url = {https://auth0.com/blog/critical-vulnerabilities-in-json-web-token-libraries/},
  year = 2015,
  month = 3,
  note = {Acedido a 2019-12-22}
}

@misc{branca,
  author = {Mika Tuupola},
  title = {{Branca as an Alternative to JWT?}},
  url = {https://appelsiini.net/2017/branca-alternative-to-jwt/},
  year = 2017,
  month = 8,
  note = {Acedido a 2019-12-22}
}

@manual{sam2man,
  author = {Hal Lockhart and Thomas Wisniewski and Prateek Mishra and Nick Ragouzis},
  title = {{Security Assertion Markup Language(SAML) V2.0 Technical Overview}},
  organization = {OASIS},
  year = 2005,
  month = 7
}

@misc{wisaml,
  author = {Jeff Petters},
  title = {{What is SAML and How Does it Work?}},
  url = {https://www.varonis.com/blog/what-is-saml/},
  year = 2018,
  month = 8,
  note = {Acedido a 2019-12-26}
}

@misc{wiswagger,
  author = {Swagger},
  title = {{What is Swagger?}},
  url = {https://swagger.io/tools/open-source/getting-started/},
  year = 2019,
  note = {Acedido a 2019-12-27}
}

@misc{swaggerVSoas,
  author = {Ryan Pinkham},
  title = {{What Is the Difference Between Swagger and OpenAPI?}},
  url = {https://swagger.io/blog/api-strategy/difference-between-swagger-and-openapi/},
  year = 2017,
  month = 10,
  note = {Acedido a 2019-12-27}
}

@misc{swaggerNode,
  author = {Ivan Vasiljevic},
  title = {{Adding Swagger To Existing Node.js Project}},
  url = {https://blog.cloudboost.io/adding-swagger-to-existing-node-js-project-92a6624b855b},
  year = 2017,
  month = 8,
  note = {Acedido a 2019-12-28}
}

@misc{specsComp,
  author = {Kristopher Sandoval},
  title = {{Top Specification Formats for REST APIs}},
  url = {https://nordicapis.com/top-specification-formats-for-rest-apis/},
  year = 2016,
  month = 3,
  note = {Acedido a 2019-12-31}
}

@misc{graphdbArch,
  author = {Ontotext},
  title = {{Architecture \& Components}},
  url = {http://graphdb.ontotext.com/documentation/free/architecture-components.html},
  year = 2019,
  month = 12,
  note = {Acedido a 2020-01-09}
}

@misc{graphdbAbout,
  author = {Ontotext},
  title = {{About GraphDB}},
  url = {http://graphdb.ontotext.com/documentation/free/about-graphdb.html},
  year = 2020,
  month = 1,
  note = {Acedido a 2020-01-09}
}
