@report{clav1,
    author = {Alexandra Lourenço; José Carlos Ramalho; Maria Rita Gago; Pedro Penteado},
	title = {Plataforma CLAV: contributo para a disponibilização de dados abertos da Administração Pública em Portugal},
	url = {http://eprints.rclis.org/38643/1/Plantilla_EDICIC2019Barcelona-PT-COM_Penteado_v08.pdf},
    month = {7},
    year = {2019},
    pages = {1},
	note = {Acedido em 24/09/2019}
}

@report{clav2,
    author = {Alexandra Lourenço; José Carlos Ramalho; Maria Rita Gago; Pedro Penteado},
	title = {Plataforma CLAV: contributo para a disponibilização de dados abertos da Administração Pública em Portugal},
	url = {http://eprints.rclis.org/38643/1/Plantilla_EDICIC2019Barcelona-PT-COM_Penteado_v08.pdf},
    month = {7},
    year = {2019},
    pages = {2},
	note = {Acedido em 24/09/2019}
}

@report{clav3,
    author = {Alexandra Lourenço; José Carlos Ramalho; Maria Rita Gago; Pedro Penteado},
	title = {Plataforma CLAV: contributo para a disponibilização de dados abertos da Administração Pública em Portugal},
	url = {http://eprints.rclis.org/38643/1/Plantilla_EDICIC2019Barcelona-PT-COM_Penteado_v08.pdf},
    month = {7},
    year = {2019},
    pages = {21},
	note = {Acedido em 24/09/2019}
}

@online{authgov,
  author = {AMA},
  title = {Autenticação.gov},
  url = {https://autenticacao.gov.pt/fa/Default.aspx},
  note = {Acedido em 24/09/2019}
}
